
@inbook{rauschUsingDiariesResearch2014,
	title = {Using Diaries in Research on Work and Learning},
	author = {Rausch, Andreas},
	editor = {Harteis, Christian and Rausch, Andreas and Seifried, {Jürgen}},
	year = {2014},
	date = {2014},
	publisher = {Springer Netherlands},
	pages = {341{\textendash}366},
	series = {Professional and Practice-based Learning},
	volume = {9},
	doi = {10.1007/978-94-007-7012-6‗},
	note = {DOI: 10.1007/978-94-007-7012-6‗ 17},
	address = {Dordrecht}
}
