@Manual{R-base,
  title = {R: A Language and Environment for Statistical Computing},
  author = {{R Core Team}},
  organization = {R Foundation for Statistical Computing},
  address = {Vienna, Austria},
  year = {2024},
  url = {https://www.R-project.org/},
}

@incollection{rausch_etal22a,
  title = {Uncovering {{Informal Workplace Learning}} by {{Using Diaries}}},
  booktitle = {Methods for {{Researching Professional Learning}} and {{Development}}},
  author = {Rausch, Andreas and Goller, Michael and Steffen, Bianca},
  editor = {Goller, Michael and Kyndt, Eva and Paloniemi, Susanna and Damşa, Crina},
  date = {2022},
  series = {Springer {{eBook Collection}}},
  volume = {33},
  pages = {43--70},
  publisher = {{Springer International Publishing and Imprint Springer}},
  location = {Cham},
  doi = {10.1007/978-3-031-08518-5‗ 3},
  isbn = {978-3-031-08517-8}
}
@incollection{rauschUsingDiariesResearch2014,
  title = {Using {{Diaries}} in {{Research}} on {{Work}} and {{Learning}}},
  booktitle = {Discourses on {{Professional Learning}}},
  author = {Rausch, Andreas},
  editor = {Harteis, Christian and Rausch, Andreas and Seifried, Jürgen},
  date = {2014},
  series = {Professional and {{Practice-based Learning}}},
  volume = {9},
  pages = {341--366},
  publisher = {Springer Netherlands},
  location = {Dordrecht},
  doi = {10.1007/978-94-007-7012-6‗ 17},
  isbn = {978-94-007-7011-9}
}

@article{boehmWorkingHoursWork2024,
  title = {Working Hours, Work Activities, Work Experience and Job Satisfaction of Teachers at Vocational Schools: Conclusions for the (Un)Attractiveness of the Teaching Profession},
  shorttitle = {Working Hours, Work Activities, Work Experience and Job Satisfaction of Teachers at Vocational Schools},
  author = {Böhm, Manuel and Nina Marlene, Sarochan and Rausch, Andreas and Aprea, Carmela},
  date = {2024},
  journaltitle = {bwp@ Berufs- und Wirtschaftspädagogik – online},
  volume = {47},
  pages = {1--21},
  url = {https://www.bwpat.de/ausgabe/47/boehm-etal},
  urldate = {2025-01-16},
  langid = {ngerman},
  file = {C:\Users\boehm\Zotero\storage\VNNALLDZ\boehm-etal.html}
}

